<?xml version="1.0" encoding="UTF-8"?><record xmlns="http://www.loc.gov/MARC21/slim" xmlns:cinclude="http://apache.org/cocoon/include/1.0" xmlns:zs="http://www.loc.gov/zing/srw/">
  <leader>00495nz  a2200157n  4500</leader>
  <controlfield tag="001">no2002092762</controlfield>
  <controlfield tag="003">DLC</controlfield>
  <controlfield tag="005">20021011053033.0</controlfield>
  <controlfield tag="008">021010n| acannaab           |n aaa     c</controlfield>
  <datafield tag="010" ind1=" " ind2=" ">
    <subfield code="a">no2002092762</subfield>
  </datafield>
  <datafield tag="035" ind1=" " ind2=" ">
    <subfield code="a">(OCoLC)oca05884063</subfield>
  </datafield>
  <datafield tag="040" ind1=" " ind2=" ">
    <subfield code="a">PPi-MA</subfield>
    <subfield code="b">eng</subfield>
    <subfield code="c">PPi-MA</subfield>
  </datafield>
  <datafield tag="100" ind1="1" ind2=" ">
    <subfield code="a">Rouse, Josh</subfield>
  </datafield>
  <datafield tag="670" ind1=" " ind2=" ">
    <subfield code="a">Rouse, J. Under cold blue stars [SR] p2002:</subfield>
    <subfield code="b">label (Josh Rouse)</subfield>
  </datafield>
  <datafield tag="670" ind1=" " ind2=" ">
    <subfield code="a">U.S. copyright file, Oct. 9, 2002</subfield>
    <subfield code="b">(Rouse, Josh, 1972- )</subfield>
  </datafield>
  <datafield tag="670" ind1=" " ind2=" ">
    <subfield code="a">OCLC database, Oct. 9, 2002</subfield>
    <subfield code="b">(hdg.: Rouse, Josh)</subfield>
  </datafield>
</record>